orderbook_timestamp,book,bid,ask,spread
2024-07-20T17:12:13+00:00,btc_mxn,1164930.0,1182000.0,1.4441624365482233
2024-07-20T17:12:13+00:00,usd_mxn,17.52,17.697,1.0001695202576686
2024-07-20T17:12:14+00:00,btc_mxn,1164930.0,1182000.0,1.4441624365482233
2024-07-20T17:12:14+00:00,usd_mxn,17.52,17.697,1.0001695202576686
2024-07-20T17:12:15+00:00,btc_mxn,1164930.0,1182000.0,1.4441624365482233
2024-07-20T17:12:15+00:00,usd_mxn,17.52,17.697,1.0001695202576686
2024-07-20T17:12:16+00:00,btc_mxn,1164930.0,1182000.0,1.4441624365482233
2024-07-20T17:12:16+00:00,usd_mxn,17.52,17.697,1.0001695202576686
2024-07-20T17:12:18+00:00,btc_mxn,1164930.0,1182000.0,1.4441624365482233
2024-07-20T17:12:18+00:00,usd_mxn,17.52,17.697,1.0001695202576686
2024-07-20T17:12:19+00:00,btc_mxn,1164930.0,1182000.0,1.4441624365482233
2024-07-20T17:12:19+00:00,usd_mxn,17.52,17.697,1.0001695202576686
2024-07-20T17:12:20+00:00,btc_mxn,1164930.0,1182000.0,1.4441624365482233
2024-07-20T17:12:20+00:00,usd_mxn,17.52,17.697,1.0001695202576686
2024-07-20T17:12:21+00:00,btc_mxn,1164930.0,1182000.0,1.4441624365482233
2024-07-20T17:12:22+00:00,usd_mxn,17.52,17.697,1.0001695202576686
2024-07-20T17:12:23+00:00,btc_mxn,1164930.0,1182000.0,1.4441624365482233
2024-07-20T17:12:23+00:00,usd_mxn,17.52,17.697,1.0001695202576686
2024-07-20T17:12:24+00:00,btc_mxn,1164930.0,1182000.0,1.4441624365482233
2024-07-20T17:12:24+00:00,usd_mxn,17.52,17.697,1.0001695202576686
2024-07-20T17:12:25+00:00,btc_mxn,1164930.0,1182000.0,1.4441624365482233
2024-07-20T17:12:25+00:00,usd_mxn,17.52,17.697,1.0001695202576686
2024-07-20T17:12:26+00:00,btc_mxn,1164930.0,1182000.0,1.4441624365482233
2024-07-20T17:12:27+00:00,usd_mxn,17.52,17.697,1.0001695202576686
2024-07-20T17:12:28+00:00,btc_mxn,1164930.0,1182000.0,1.4441624365482233
2024-07-20T17:12:28+00:00,usd_mxn,17.52,17.697,1.0001695202576686
2024-07-20T17:12:29+00:00,btc_mxn,1164930.0,1182000.0,1.4441624365482233
2024-07-20T17:12:29+00:00,usd_mxn,17.52,17.697,1.0001695202576686
2024-07-20T17:12:30+00:00,btc_mxn,1164930.0,1182000.0,1.4441624365482233
2024-07-20T17:12:30+00:00,usd_mxn,17.52,17.697,1.0001695202576686
2024-07-20T17:12:32+00:00,btc_mxn,1164930.0,1182000.0,1.4441624365482233
2024-07-20T17:12:32+00:00,usd_mxn,17.52,17.697,1.0001695202576686
2024-07-20T17:12:33+00:00,btc_mxn,1164930.0,1182000.0,1.4441624365482233
2024-07-20T17:12:33+00:00,usd_mxn,17.52,17.697,1.0001695202576686
2024-07-20T17:12:34+00:00,btc_mxn,1164930.0,1182000.0,1.4441624365482233
2024-07-20T17:12:34+00:00,usd_mxn,17.52,17.697,1.0001695202576686
2024-07-20T17:12:35+00:00,btc_mxn,1164930.0,1182000.0,1.4441624365482233
2024-07-20T17:12:35+00:00,usd_mxn,17.52,17.697,1.0001695202576686
2024-07-20T17:12:37+00:00,btc_mxn,1164930.0,1182000.0,1.4441624365482233
2024-07-20T17:12:37+00:00,usd_mxn,17.52,17.697,1.0001695202576686
2024-07-20T17:12:38+00:00,btc_mxn,1164930.0,1182000.0,1.4441624365482233
2024-07-20T17:12:38+00:00,usd_mxn,17.52,17.697,1.0001695202576686
2024-07-20T17:12:39+00:00,btc_mxn,1164930.0,1182000.0,1.4441624365482233
2024-07-20T17:12:39+00:00,usd_mxn,17.52,17.698,1.0057633630918794
2024-07-20T17:12:40+00:00,btc_mxn,1164930.0,1182000.0,1.4441624365482233
2024-07-20T17:12:41+00:00,usd_mxn,17.52,17.698,1.0057633630918794
2024-07-20T17:12:42+00:00,btc_mxn,1164930.0,1182000.0,1.4441624365482233
2024-07-20T17:12:42+00:00,usd_mxn,17.52,17.697,1.0001695202576686
2024-07-20T17:12:43+00:00,btc_mxn,1164930.0,1182000.0,1.4441624365482233
2024-07-20T17:12:43+00:00,usd_mxn,17.52,17.697,1.0001695202576686
2024-07-20T17:12:44+00:00,btc_mxn,1164930.0,1182000.0,1.4441624365482233
2024-07-20T17:12:44+00:00,usd_mxn,17.519,17.697,1.0058201955133685
2024-07-20T17:12:45+00:00,btc_mxn,1164930.0,1182000.0,1.4441624365482233
2024-07-20T17:12:46+00:00,usd_mxn,17.519,17.697,1.0058201955133685
2024-07-20T17:12:47+00:00,btc_mxn,1164930.0,1182000.0,1.4441624365482233
2024-07-20T17:12:47+00:00,usd_mxn,17.52,17.697,1.0001695202576686
2024-07-20T17:12:48+00:00,btc_mxn,1164930.0,1182000.0,1.4441624365482233
2024-07-20T17:12:48+00:00,usd_mxn,17.519,17.697,1.0058201955133685
2024-07-20T17:12:49+00:00,btc_mxn,1164930.0,1182000.0,1.4441624365482233
2024-07-20T17:12:49+00:00,usd_mxn,17.519,17.697,1.0058201955133685
2024-07-20T17:12:51+00:00,btc_mxn,1164930.0,1182000.0,1.4441624365482233
2024-07-20T17:12:51+00:00,usd_mxn,17.52,17.697,1.0001695202576686
2024-07-20T17:12:52+00:00,btc_mxn,1164930.0,1182000.0,1.4441624365482233
2024-07-20T17:12:52+00:00,usd_mxn,17.52,17.697,1.0001695202576686
2024-07-20T17:12:53+00:00,btc_mxn,1164930.0,1182000.0,1.4441624365482233
2024-07-20T17:12:53+00:00,usd_mxn,17.52,17.697,1.0001695202576686
2024-07-20T17:12:54+00:00,btc_mxn,1164930.0,1182000.0,1.4441624365482233
2024-07-20T17:12:54+00:00,usd_mxn,17.52,17.697,1.0001695202576686
2024-07-20T17:12:56+00:00,btc_mxn,1164930.0,1182000.0,1.4441624365482233
2024-07-20T17:12:56+00:00,usd_mxn,17.52,17.697,1.0001695202576686
2024-07-20T17:12:57+00:00,btc_mxn,1164930.0,1181430.0,1.3966125796703994
2024-07-20T17:12:57+00:00,usd_mxn,17.52,17.697,1.0001695202576686
2024-07-20T17:12:58+00:00,btc_mxn,1164930.0,1181430.0,1.3966125796703994
2024-07-20T17:12:58+00:00,usd_mxn,17.52,17.697,1.0001695202576686
2024-07-20T17:12:59+00:00,btc_mxn,1164930.0,1181430.0,1.3966125796703994
2024-07-20T17:12:59+00:00,usd_mxn,17.519,17.697,1.0058201955133685
2024-07-20T17:13:01+00:00,btc_mxn,1164930.0,1181430.0,1.3966125796703994
2024-07-20T17:13:01+00:00,usd_mxn,17.52,17.697,1.0001695202576686
2024-07-20T17:13:02+00:00,btc_mxn,1164930.0,1181430.0,1.3966125796703994
2024-07-20T17:13:02+00:00,usd_mxn,17.52,17.697,1.0001695202576686
2024-07-20T17:13:03+00:00,btc_mxn,1164930.0,1181430.0,1.3966125796703994
2024-07-20T17:13:03+00:00,usd_mxn,17.52,17.697,1.0001695202576686
2024-07-20T17:13:04+00:00,btc_mxn,1164930.0,1178780.0,1.17494358574119
2024-07-20T17:13:05+00:00,usd_mxn,17.52,17.697,1.0001695202576686
2024-07-20T17:13:06+00:00,btc_mxn,1164930.0,1178780.0,1.17494358574119
2024-07-20T17:13:06+00:00,usd_mxn,17.52,17.697,1.0001695202576686
2024-07-20T17:13:07+00:00,btc_mxn,1164930.0,1178780.0,1.17494358574119
2024-07-20T17:13:07+00:00,usd_mxn,17.519,17.697,1.0058201955133685
2024-07-20T17:13:08+00:00,btc_mxn,1164930.0,1182000.0,1.4441624365482233
2024-07-20T17:13:08+00:00,usd_mxn,17.52,17.697,1.0001695202576686
2024-07-20T17:13:10+00:00,btc_mxn,1164930.0,1182000.0,1.4441624365482233
2024-07-20T17:13:10+00:00,usd_mxn,17.52,17.697,1.0001695202576686
2024-07-20T17:13:11+00:00,btc_mxn,1164940.0,1182000.0,1.4433164128595601
2024-07-20T17:13:11+00:00,usd_mxn,17.52,17.697,1.0001695202576686
2024-07-20T17:13:12+00:00,btc_mxn,1164940.0,1182000.0,1.4433164128595601
2024-07-20T17:13:12+00:00,usd_mxn,17.52,17.697,1.0001695202576686
2024-07-20T17:13:13+00:00,btc_mxn,1164970.0,1182000.0,1.4407783417935702
2024-07-20T17:13:13+00:00,usd_mxn,17.52,17.697,1.0001695202576686
2024-07-20T17:13:15+00:00,btc_mxn,1164980.0,1182000.0,1.4399323181049068
2024-07-20T17:13:15+00:00,usd_mxn,17.52,17.697,1.0001695202576686
2024-07-20T17:13:16+00:00,btc_mxn,1165000.0,1182000.0,1.4382402707275803
2024-07-20T17:13:16+00:00,usd_mxn,17.52,17.697,1.0001695202576686
2024-07-20T17:13:17+00:00,btc_mxn,1164990.0,1182000.0,1.4390862944162437
2024-07-20T17:13:17+00:00,usd_mxn,17.52,17.697,1.0001695202576686
2024-07-20T17:13:18+00:00,btc_mxn,1164950.0,1182000.0,1.4424703891708968
2024-07-20T17:13:19+00:00,usd_mxn,17.52,17.697,1.0001695202576686
2024-07-20T17:13:20+00:00,btc_mxn,1164980.0,1182000.0,1.4399323181049068
2024-07-20T17:13:20+00:00,usd_mxn,17.52,17.697,1.0001695202576686
2024-07-20T17:13:21+00:00,btc_mxn,1164950.0,1182000.0,1.4424703891708968
2024-07-20T17:13:21+00:00,usd_mxn,17.52,17.697,1.0001695202576686
2024-07-20T17:13:22+00:00,btc_mxn,1164980.0,1182000.0,1.4399323181049068
2024-07-20T17:13:22+00:00,usd_mxn,17.52,17.697,1.0001695202576686
2024-07-20T17:13:24+00:00,btc_mxn,1164970.0,1182000.0,1.4407783417935702
2024-07-20T17:13:24+00:00,usd_mxn,17.52,17.697,1.0001695202576686
2024-07-20T17:13:25+00:00,btc_mxn,1164990.0,1182000.0,1.4390862944162437
2024-07-20T17:13:25+00:00,usd_mxn,17.52,17.697,1.0001695202576686
2024-07-20T17:13:26+00:00,btc_mxn,1165000.0,1182000.0,1.4382402707275803
2024-07-20T17:13:26+00:00,usd_mxn,17.52,17.697,1.0001695202576686
2024-07-20T17:13:27+00:00,btc_mxn,1165000.0,1182000.0,1.4382402707275803
2024-07-20T17:13:28+00:00,usd_mxn,17.52,17.697,1.0001695202576686
2024-07-20T17:13:29+00:00,btc_mxn,1165000.0,1182000.0,1.4382402707275803
2024-07-20T17:13:29+00:00,usd_mxn,17.52,17.697,1.0001695202576686
2024-07-20T17:13:30+00:00,btc_mxn,1165010.0,1182000.0,1.4373942470389172
2024-07-20T17:13:30+00:00,usd_mxn,17.52,17.697,1.0001695202576686
2024-07-20T17:13:31+00:00,btc_mxn,1165010.0,1182000.0,1.4373942470389172
2024-07-20T17:13:31+00:00,usd_mxn,17.52,17.697,1.0001695202576686
2024-07-20T17:13:32+00:00,btc_mxn,1165010.0,1182000.0,1.4373942470389172
2024-07-20T17:13:33+00:00,usd_mxn,17.52,17.697,1.0001695202576686
2024-07-20T17:13:34+00:00,btc_mxn,1165010.0,1182000.0,1.4373942470389172
2024-07-20T17:13:34+00:00,usd_mxn,17.52,17.697,1.0001695202576686
2024-07-20T17:13:35+00:00,btc_mxn,1165010.0,1182000.0,1.4373942470389172
2024-07-20T17:13:35+00:00,usd_mxn,17.52,17.697,1.0001695202576686
2024-07-20T17:13:36+00:00,btc_mxn,1164990.0,1182000.0,1.4390862944162437
2024-07-20T17:13:36+00:00,usd_mxn,17.52,17.697,1.0001695202576686
2024-07-20T17:13:38+00:00,btc_mxn,1165030.0,1182000.0,1.4357021996615906
2024-07-20T17:13:38+00:00,usd_mxn,17.52,17.697,1.0001695202576686
2024-07-20T17:13:39+00:00,btc_mxn,1165030.0,1182000.0,1.4357021996615906
2024-07-20T17:13:39+00:00,usd_mxn,17.519,17.697,1.0058201955133685
2024-07-20T17:13:40+00:00,btc_mxn,1165030.0,1182000.0,1.4357021996615906
2024-07-20T17:13:40+00:00,usd_mxn,17.52,17.697,1.0001695202576686
2024-07-20T17:13:41+00:00,btc_mxn,1165030.0,1182000.0,1.4357021996615906
2024-07-20T17:13:42+00:00,usd_mxn,17.52,17.697,1.0001695202576686
2024-07-20T17:13:43+00:00,btc_mxn,1165030.0,1182000.0,1.4357021996615906
2024-07-20T17:13:43+00:00,usd_mxn,17.52,17.697,1.0001695202576686
2024-07-20T17:13:44+00:00,btc_mxn,1165030.0,1182000.0,1.4357021996615906
2024-07-20T17:13:44+00:00,usd_mxn,17.52,17.697,1.0001695202576686
2024-07-20T17:13:45+00:00,btc_mxn,1165030.0,1182000.0,1.4357021996615906
2024-07-20T17:13:45+00:00,usd_mxn,17.52,17.697,1.0001695202576686
2024-07-20T17:13:47+00:00,btc_mxn,1165030.0,1182000.0,1.4357021996615906
2024-07-20T17:13:47+00:00,usd_mxn,17.52,17.697,1.0001695202576686
2024-07-20T17:13:48+00:00,btc_mxn,1165040.0,1182000.0,1.4348561759729273
2024-07-20T17:13:48+00:00,usd_mxn,17.52,17.697,1.0001695202576686
2024-07-20T17:13:49+00:00,btc_mxn,1165040.0,1182000.0,1.4348561759729273
2024-07-20T17:13:49+00:00,usd_mxn,17.52,17.697,1.0001695202576686
2024-07-20T17:13:50+00:00,btc_mxn,1165060.0,1182000.0,1.4331641285956007
2024-07-20T17:13:51+00:00,usd_mxn,17.52,17.697,1.0001695202576686
2024-07-20T17:13:52+00:00,btc_mxn,1165050.0,1182000.0,1.4340101522842639
2024-07-20T17:13:52+00:00,usd_mxn,17.52,17.697,1.0001695202576686
2024-07-20T17:13:53+00:00,btc_mxn,1165090.0,1182000.0,1.4306260575296108
2024-07-20T17:13:53+00:00,usd_mxn,17.52,17.697,1.0001695202576686
2024-07-20T17:13:54+00:00,btc_mxn,1165110.0,1182000.0,1.4289340101522843
2024-07-20T17:13:54+00:00,usd_mxn,17.52,17.697,1.0001695202576686
2024-07-20T17:13:56+00:00,btc_mxn,1165040.0,1182000.0,1.4348561759729273
2024-07-20T17:13:56+00:00,usd_mxn,17.52,17.697,1.0001695202576686
2024-07-20T17:13:57+00:00,btc_mxn,1164900.0,1182000.0,1.4467005076142132
2024-07-20T17:13:57+00:00,usd_mxn,17.52,17.697,1.0001695202576686
2024-07-20T17:13:58+00:00,btc_mxn,1164900.0,1182000.0,1.4467005076142132
2024-07-20T17:13:58+00:00,usd_mxn,17.52,17.697,1.0001695202576686
2024-07-20T17:13:59+00:00,btc_mxn,1164900.0,1182000.0,1.4467005076142132
2024-07-20T17:14:00+00:00,usd_mxn,17.52,17.697,1.0001695202576686
2024-07-20T17:14:01+00:00,btc_mxn,1164900.0,1182000.0,1.4467005076142132
2024-07-20T17:14:01+00:00,usd_mxn,17.52,17.697,1.0001695202576686
2024-07-20T17:14:02+00:00,btc_mxn,1164910.0,1182000.0,1.4458544839255498
2024-07-20T17:14:02+00:00,usd_mxn,17.52,17.697,1.0001695202576686
2024-07-20T17:14:03+00:00,btc_mxn,1164910.0,1182000.0,1.4458544839255498
2024-07-20T17:14:03+00:00,usd_mxn,17.52,17.697,1.0001695202576686
2024-07-20T17:14:05+00:00,btc_mxn,1164910.0,1182000.0,1.4458544839255498
2024-07-20T17:14:05+00:00,usd_mxn,17.52,17.697,1.0001695202576686
2024-07-20T17:14:06+00:00,btc_mxn,1164910.0,1182000.0,1.4458544839255498
2024-07-20T17:14:06+00:00,usd_mxn,17.52,17.697,1.0001695202576686
2024-07-20T17:14:07+00:00,btc_mxn,1165020.0,1182000.0,1.4365482233502538
2024-07-20T17:14:07+00:00,usd_mxn,17.52,17.697,1.0001695202576686
2024-07-20T17:14:08+00:00,btc_mxn,1165030.0,1182000.0,1.4357021996615906
2024-07-20T17:14:09+00:00,usd_mxn,17.52,17.697,1.0001695202576686
2024-07-20T17:14:10+00:00,btc_mxn,1165030.0,1182000.0,1.4357021996615906
2024-07-20T17:14:10+00:00,usd_mxn,17.52,17.697,1.0001695202576686
2024-07-20T17:14:11+00:00,btc_mxn,1165000.0,1182000.0,1.4382402707275803
2024-07-20T17:14:11+00:00,usd_mxn,17.52,17.697,1.0001695202576686
2024-07-20T17:14:12+00:00,btc_mxn,1165000.0,1182000.0,1.4382402707275803
2024-07-20T17:14:12+00:00,usd_mxn,17.52,17.697,1.0001695202576686
2024-07-20T17:14:14+00:00,btc_mxn,1165000.0,1182000.0,1.4382402707275803
2024-07-20T17:14:14+00:00,usd_mxn,17.52,17.697,1.0001695202576686
2024-07-20T17:14:15+00:00,btc_mxn,1165000.0,1182000.0,1.4382402707275803
2024-07-20T17:14:15+00:00,usd_mxn,17.52,17.697,1.0001695202576686
2024-07-20T17:14:16+00:00,btc_mxn,1165040.0,1182000.0,1.4348561759729273
2024-07-20T17:14:16+00:00,usd_mxn,17.52,17.697,1.0001695202576686
2024-07-20T17:14:17+00:00,btc_mxn,1165000.0,1182000.0,1.4382402707275803
2024-07-20T17:14:17+00:00,usd_mxn,17.52,17.697,1.0001695202576686
2024-07-20T17:14:19+00:00,btc_mxn,1165000.0,1182000.0,1.4382402707275803
2024-07-20T17:14:19+00:00,usd_mxn,17.52,17.697,1.0001695202576686
2024-07-20T17:14:20+00:00,btc_mxn,1165000.0,1182000.0,1.4382402707275803
2024-07-20T17:14:20+00:00,usd_mxn,17.52,17.697,1.0001695202576686
2024-07-20T17:14:21+00:00,btc_mxn,1165000.0,1182000.0,1.4382402707275803
2024-07-20T17:14:21+00:00,usd_mxn,17.52,17.697,1.0001695202576686
2024-07-20T17:14:23+00:00,btc_mxn,1165040.0,1182000.0,1.4348561759729273
2024-07-20T17:14:23+00:00,usd_mxn,17.52,17.697,1.0001695202576686
2024-07-20T17:14:24+00:00,btc_mxn,1165070.0,1181990.0,1.4314841919136372
2024-07-20T17:14:24+00:00,usd_mxn,17.52,17.697,1.0001695202576686
2024-07-20T17:14:25+00:00,btc_mxn,1165090.0,1181990.0,1.4297921302210679
2024-07-20T17:14:25+00:00,usd_mxn,17.52,17.697,1.0001695202576686
2024-07-20T17:14:26+00:00,btc_mxn,1165110.0,1181990.0,1.4281000685284986
2024-07-20T17:14:27+00:00,usd_mxn,17.52,17.697,1.0001695202576686
2024-07-20T17:14:28+00:00,btc_mxn,1165160.0,1181990.0,1.4238699142970752
2024-07-20T17:14:28+00:00,usd_mxn,17.52,17.697,1.0001695202576686
2024-07-20T17:14:29+00:00,btc_mxn,1165200.0,1181990.0,1.4204857909119366
2024-07-20T17:14:29+00:00,usd_mxn,17.52,17.697,1.0001695202576686
2024-07-20T17:14:30+00:00,btc_mxn,1165210.0,1181990.0,1.419639760065652
2024-07-20T17:14:30+00:00,usd_mxn,17.52,17.697,1.0001695202576686
2024-07-20T17:14:31+00:00,btc_mxn,1165210.0,1181990.0,1.419639760065652
2024-07-20T17:14:32+00:00,usd_mxn,17.52,17.697,1.0001695202576686
2024-07-20T17:14:33+00:00,btc_mxn,1165210.0,1181990.0,1.419639760065652
2024-07-20T17:14:33+00:00,usd_mxn,17.52,17.697,1.0001695202576686
2024-07-20T17:14:34+00:00,btc_mxn,1165210.0,1181990.0,1.419639760065652
2024-07-20T17:14:34+00:00,usd_mxn,17.52,17.697,1.0001695202576686
2024-07-20T17:14:35+00:00,btc_mxn,1165210.0,1181990.0,1.419639760065652
2024-07-20T17:14:35+00:00,usd_mxn,17.52,17.697,1.0001695202576686
2024-07-20T17:14:37+00:00,btc_mxn,1165210.0,1181990.0,1.419639760065652
2024-07-20T17:14:37+00:00,usd_mxn,17.52,17.697,1.0001695202576686
2024-07-20T17:14:38+00:00,btc_mxn,1165210.0,1181990.0,1.419639760065652
2024-07-20T17:14:38+00:00,usd_mxn,17.52,17.697,1.0001695202576686
2024-07-20T17:14:39+00:00,btc_mxn,1165210.0,1181990.0,1.419639760065652
2024-07-20T17:14:39+00:00,usd_mxn,17.52,17.697,1.0001695202576686
2024-07-20T17:14:40+00:00,btc_mxn,1165210.0,1181990.0,1.419639760065652
2024-07-20T17:14:40+00:00,usd_mxn,17.52,17.697,1.0001695202576686
2024-07-20T17:14:42+00:00,btc_mxn,1165210.0,1181990.0,1.419639760065652
2024-07-20T17:14:42+00:00,usd_mxn,17.52,17.697,1.0001695202576686
2024-07-20T17:14:43+00:00,btc_mxn,1165210.0,1181990.0,1.419639760065652
2024-07-20T17:14:43+00:00,usd_mxn,17.52,17.697,1.0001695202576686
2024-07-20T17:14:44+00:00,btc_mxn,1165210.0,1181990.0,1.419639760065652
2024-07-20T17:14:44+00:00,usd_mxn,17.52,17.697,1.0001695202576686
2024-07-20T17:14:45+00:00,btc_mxn,1165210.0,1181990.0,1.419639760065652
2024-07-20T17:14:46+00:00,usd_mxn,17.52,17.697,1.0001695202576686
2024-07-20T17:14:47+00:00,btc_mxn,1165210.0,1181990.0,1.419639760065652
2024-07-20T17:14:47+00:00,usd_mxn,17.52,17.697,1.0001695202576686
2024-07-20T17:14:48+00:00,btc_mxn,1165210.0,1181990.0,1.419639760065652
2024-07-20T17:14:48+00:00,usd_mxn,17.52,17.697,1.0001695202576686
2024-07-20T17:14:49+00:00,btc_mxn,1165210.0,1181990.0,1.419639760065652
2024-07-20T17:14:49+00:00,usd_mxn,17.52,17.697,1.0001695202576686
2024-07-20T17:14:50+00:00,btc_mxn,1165210.0,1181990.0,1.419639760065652
2024-07-20T17:14:51+00:00,usd_mxn,17.52,17.697,1.0001695202576686
2024-07-20T17:14:52+00:00,btc_mxn,1165300.0,1181990.0,1.41202548244909
2024-07-20T17:14:52+00:00,usd_mxn,17.52,17.697,1.0001695202576686
2024-07-20T17:14:53+00:00,btc_mxn,1165300.0,1181990.0,1.41202548244909
2024-07-20T17:14:53+00:00,usd_mxn,17.52,17.697,1.0001695202576686
2024-07-20T17:14:54+00:00,btc_mxn,1165320.0,1181990.0,1.4103334207565208
2024-07-20T17:14:54+00:00,usd_mxn,17.52,17.697,1.0001695202576686
2024-07-20T17:14:56+00:00,btc_mxn,1165310.0,1181990.0,1.4111794516028053
2024-07-20T17:14:56+00:00,usd_mxn,17.52,17.697,1.0001695202576686
2024-07-20T17:14:57+00:00,btc_mxn,1165320.0,1181990.0,1.4103334207565208
2024-07-20T17:14:57+00:00,usd_mxn,17.52,17.697,1.0001695202576686
2024-07-20T17:14:58+00:00,btc_mxn,1165370.0,1181990.0,1.4061032665250974
2024-07-20T17:14:58+00:00,usd_mxn,17.52,17.697,1.0001695202576686
2024-07-20T17:14:59+00:00,btc_mxn,1165390.0,1181990.0,1.4044112048325281
2024-07-20T17:14:59+00:00,usd_mxn,17.52,17.697,1.0001695202576686
2024-07-20T17:15:03+00:00,btc_mxn,1165410.0,1181990.0,1.4027191431399588
2024-07-20T17:15:03+00:00,usd_mxn,17.52,17.697,1.0001695202576686
2024-07-20T17:15:04+00:00,btc_mxn,1165430.0,1181990.0,1.4010270814473895
2024-07-20T17:15:04+00:00,usd_mxn,17.52,17.697,1.0001695202576686
2024-07-20T17:15:05+00:00,btc_mxn,1165460.0,1181990.0,1.3984889889085357
2024-07-20T17:15:06+00:00,usd_mxn,17.52,17.697,1.0001695202576686
2024-07-20T17:15:07+00:00,btc_mxn,1165500.0,1181990.0,1.395104865523397
2024-07-20T17:15:07+00:00,usd_mxn,17.52,17.697,1.0001695202576686
2024-07-20T17:15:08+00:00,btc_mxn,1165510.0,1181990.0,1.3942588346771123
2024-07-20T17:15:08+00:00,usd_mxn,17.52,17.697,1.0001695202576686
2024-07-20T17:15:09+00:00,btc_mxn,1165510.0,1181990.0,1.3942588346771123
2024-07-20T17:15:09+00:00,usd_mxn,17.52,17.697,1.0001695202576686
2024-07-20T17:15:11+00:00,btc_mxn,1165510.0,1181990.0,1.3942588346771123
2024-07-20T17:15:11+00:00,usd_mxn,17.52,17.697,1.0001695202576686
2024-07-20T17:15:12+00:00,btc_mxn,1165510.0,1181990.0,1.3942588346771123
2024-07-20T17:15:12+00:00,usd_mxn,17.52,17.697,1.0001695202576686
2024-07-20T17:15:13+00:00,btc_mxn,1165510.0,1181990.0,1.3942588346771123
2024-07-20T17:15:13+00:00,usd_mxn,17.52,17.697,1.0001695202576686
2024-07-20T17:15:14+00:00,btc_mxn,1165510.0,1181990.0,1.3942588346771123
2024-07-20T17:15:15+00:00,usd_mxn,17.52,17.697,1.0001695202576686
2024-07-20T17:15:16+00:00,btc_mxn,1165510.0,1181990.0,1.3942588346771123
2024-07-20T17:15:16+00:00,usd_mxn,17.52,17.697,1.0001695202576686
2024-07-20T17:15:17+00:00,btc_mxn,1165510.0,1181990.0,1.3942588346771123
2024-07-20T17:15:17+00:00,usd_mxn,17.52,17.697,1.0001695202576686
2024-07-20T17:15:18+00:00,btc_mxn,1165510.0,1181990.0,1.3942588346771123
2024-07-20T17:15:18+00:00,usd_mxn,17.52,17.697,1.0001695202576686
2024-07-20T17:15:20+00:00,btc_mxn,1165510.0,1181990.0,1.3942588346771123
2024-07-20T17:15:20+00:00,usd_mxn,17.52,17.697,1.0001695202576686
2024-07-20T17:15:21+00:00,btc_mxn,1165510.0,1181990.0,1.3942588346771123
2024-07-20T17:15:21+00:00,usd_mxn,17.52,17.697,1.0001695202576686
2024-07-20T17:15:22+00:00,btc_mxn,1165510.0,1181990.0,1.3942588346771123
2024-07-20T17:15:22+00:00,usd_mxn,17.519,17.697,1.0058201955133685
2024-07-20T17:15:23+00:00,btc_mxn,1165510.0,1181990.0,1.3942588346771123
2024-07-20T17:15:24+00:00,usd_mxn,17.52,17.697,1.0001695202576686
2024-07-20T17:15:25+00:00,btc_mxn,1165510.0,1181990.0,1.3942588346771123
2024-07-20T17:15:25+00:00,usd_mxn,17.52,17.697,1.0001695202576686
2024-07-20T17:15:26+00:00,btc_mxn,1165510.0,1181990.0,1.3942588346771123
2024-07-20T17:15:26+00:00,usd_mxn,17.52,17.697,1.0001695202576686
2024-07-20T17:15:27+00:00,btc_mxn,1165510.0,1181990.0,1.3942588346771123
2024-07-20T17:15:27+00:00,usd_mxn,17.52,17.697,1.0001695202576686
2024-07-20T17:15:28+00:00,btc_mxn,1165510.0,1181990.0,1.3942588346771123
2024-07-20T17:15:29+00:00,usd_mxn,17.52,17.697,1.0001695202576686
2024-07-20T17:15:30+00:00,btc_mxn,1165520.0,1181990.0,1.3934128038308278
2024-07-20T17:15:30+00:00,usd_mxn,17.52,17.697,1.0001695202576686
2024-07-20T17:15:31+00:00,btc_mxn,1165550.0,1181990.0,1.3908747112919737
2024-07-20T17:15:31+00:00,usd_mxn,17.52,17.697,1.0001695202576686
2024-07-20T17:15:32+00:00,btc_mxn,1165570.0,1181990.0,1.3891826495994044
2024-07-20T17:15:32+00:00,usd_mxn,17.52,17.697,1.0001695202576686
2024-07-20T17:15:34+00:00,btc_mxn,1165530.0,1181990.0,1.392566772984543
2024-07-20T17:15:34+00:00,usd_mxn,17.52,17.697,1.0001695202576686
2024-07-20T17:15:35+00:00,btc_mxn,1165530.0,1181990.0,1.392566772984543
2024-07-20T17:15:35+00:00,usd_mxn,17.52,17.698,1.0057633630918794
2024-07-20T17:15:36+00:00,btc_mxn,1165530.0,1181990.0,1.392566772984543
2024-07-20T17:15:36+00:00,usd_mxn,17.52,17.697,1.0001695202576686
2024-07-20T17:15:37+00:00,btc_mxn,1165530.0,1181990.0,1.392566772984543
2024-07-20T17:15:37+00:00,usd_mxn,17.52,17.697,1.0001695202576686
2024-07-20T17:15:39+00:00,btc_mxn,1165570.0,1181990.0,1.3891826495994044
2024-07-20T17:15:39+00:00,usd_mxn,17.52,17.697,1.0001695202576686
2024-07-20T17:15:40+00:00,btc_mxn,1165600.0,1181990.0,1.3866445570605503
2024-07-20T17:15:40+00:00,usd_mxn,17.52,17.697,1.0001695202576686
2024-07-20T17:15:41+00:00,btc_mxn,1165600.0,1181990.0,1.3866445570605503
2024-07-20T17:15:41+00:00,usd_mxn,17.52,17.697,1.0001695202576686
2024-07-20T17:15:42+00:00,btc_mxn,1165640.0,1181990.0,1.3832604336754117
2024-07-20T17:15:43+00:00,usd_mxn,17.52,17.697,1.0001695202576686
2024-07-20T17:15:44+00:00,btc_mxn,1165680.0,1181990.0,1.3798763102902731
2024-07-20T17:15:44+00:00,usd_mxn,17.52,17.697,1.0001695202576686
2024-07-20T17:15:45+00:00,btc_mxn,1165720.0,1181990.0,1.3764921869051345
2024-07-20T17:15:45+00:00,usd_mxn,17.519,17.697,1.0058201955133685
2024-07-20T17:15:46+00:00,btc_mxn,1165750.0,1181990.0,1.3739540943662807
2024-07-20T17:15:46+00:00,usd_mxn,17.52,17.697,1.0001695202576686
2024-07-20T17:15:48+00:00,btc_mxn,1165800.0,1181990.0,1.3697239401348573
2024-07-20T17:15:48+00:00,usd_mxn,17.52,17.697,1.0001695202576686
2024-07-20T17:15:49+00:00,btc_mxn,1165800.0,1181990.0,1.3697239401348573
2024-07-20T17:15:49+00:00,usd_mxn,17.52,17.697,1.0001695202576686
2024-07-20T17:15:50+00:00,btc_mxn,1165800.0,1181990.0,1.3697239401348573
2024-07-20T17:15:50+00:00,usd_mxn,17.52,17.697,1.0001695202576686
2024-07-20T17:15:51+00:00,btc_mxn,1165800.0,1181990.0,1.3697239401348573
2024-07-20T17:15:51+00:00,usd_mxn,17.52,17.697,1.0001695202576686
2024-07-20T17:15:53+00:00,btc_mxn,1165800.0,1181990.0,1.3697239401348573
2024-07-20T17:15:53+00:00,usd_mxn,17.52,17.697,1.0001695202576686
2024-07-20T17:15:54+00:00,btc_mxn,1165800.0,1181990.0,1.3697239401348573
2024-07-20T17:15:54+00:00,usd_mxn,17.52,17.697,1.0001695202576686
2024-07-20T17:15:55+00:00,btc_mxn,1165800.0,1181990.0,1.3697239401348573
2024-07-20T17:15:55+00:00,usd_mxn,17.52,17.697,1.0001695202576686
2024-07-20T17:15:56+00:00,btc_mxn,1165800.0,1181990.0,1.3697239401348573
2024-07-20T17:15:57+00:00,usd_mxn,17.52,17.697,1.0001695202576686
2024-07-20T17:15:58+00:00,btc_mxn,1165800.0,1181990.0,1.3697239401348573
2024-07-20T17:15:58+00:00,usd_mxn,17.52,17.697,1.0001695202576686
2024-07-20T17:15:59+00:00,btc_mxn,1165800.0,1181990.0,1.3697239401348573
2024-07-20T17:15:59+00:00,usd_mxn,17.52,17.697,1.0001695202576686
2024-07-20T17:16:00+00:00,btc_mxn,1165800.0,1181990.0,1.3697239401348573
2024-07-20T17:16:00+00:00,usd_mxn,17.52,17.697,1.0001695202576686
2024-07-20T17:16:02+00:00,btc_mxn,1165800.0,1181990.0,1.3697239401348573
2024-07-20T17:16:02+00:00,usd_mxn,17.52,17.697,1.0001695202576686
2024-07-20T17:16:03+00:00,btc_mxn,1165800.0,1181990.0,1.3697239401348573
2024-07-20T17:16:03+00:00,usd_mxn,17.52,17.697,1.0001695202576686
2024-07-20T17:16:04+00:00,btc_mxn,1165800.0,1181990.0,1.3697239401348573
2024-07-20T17:16:04+00:00,usd_mxn,17.52,17.695,0.9889799378355507
2024-07-20T17:16:05+00:00,btc_mxn,1165800.0,1181990.0,1.3697239401348573
2024-07-20T17:16:05+00:00,usd_mxn,17.52,17.695,0.9889799378355507
2024-07-20T17:16:07+00:00,btc_mxn,1166020.0,1181990.0,1.351111261516595
2024-07-20T17:16:07+00:00,usd_mxn,17.52,17.695,0.9889799378355507
2024-07-20T17:16:08+00:00,btc_mxn,1166020.0,1181990.0,1.351111261516595
2024-07-20T17:16:08+00:00,usd_mxn,17.52,17.695,0.9889799378355507
2024-07-20T17:16:09+00:00,btc_mxn,1166050.0,1181990.0,1.348573168977741
2024-07-20T17:16:09+00:00,usd_mxn,17.52,17.695,0.9889799378355507
2024-07-20T17:16:10+00:00,btc_mxn,1166060.0,1181990.0,1.3477271381314562
2024-07-20T17:16:11+00:00,usd_mxn,17.52,17.695,0.9889799378355507
2024-07-20T17:16:12+00:00,btc_mxn,1166080.0,1181990.0,1.3460350764388869
2024-07-20T17:16:12+00:00,usd_mxn,17.52,17.695,0.9889799378355507
2024-07-20T17:16:13+00:00,btc_mxn,1166080.0,1181990.0,1.3460350764388869
2024-07-20T17:16:13+00:00,usd_mxn,17.52,17.695,0.9889799378355507
2024-07-20T17:16:14+00:00,btc_mxn,1166080.0,1181990.0,1.3460350764388869
2024-07-20T17:16:14+00:00,usd_mxn,17.52,17.696,0.9945750452079675
2024-07-20T17:16:15+00:00,btc_mxn,1166110.0,1181990.0,1.343496983900033
2024-07-20T17:16:16+00:00,usd_mxn,17.52,17.696,0.9945750452079675
2024-07-20T17:16:17+00:00,btc_mxn,1166000.0,1181990.0,1.3528033232091643
2024-07-20T17:16:17+00:00,usd_mxn,17.52,17.695,0.9889799378355507
2024-07-20T17:16:18+00:00,btc_mxn,1166010.0,1181990.0,1.3519572923628795
2024-07-20T17:16:18+00:00,usd_mxn,17.52,17.695,0.9889799378355507
2024-07-20T17:16:19+00:00,btc_mxn,1166060.0,1181990.0,1.3477271381314562
2024-07-20T17:16:19+00:00,usd_mxn,17.52,17.695,0.9889799378355507
2024-07-20T17:16:21+00:00,btc_mxn,1166080.0,1181990.0,1.3460350764388869
2024-07-20T17:16:21+00:00,usd_mxn,17.52,17.695,0.9889799378355507
2024-07-20T17:16:22+00:00,btc_mxn,1166000.0,1181990.0,1.3528033232091643
2024-07-20T17:16:22+00:00,usd_mxn,17.52,17.695,0.9889799378355507
2024-07-20T17:16:23+00:00,btc_mxn,1166160.0,1181990.0,1.3392668296686097
2024-07-20T17:16:23+00:00,usd_mxn,17.52,17.695,0.9889799378355507
2024-07-20T17:16:24+00:00,btc_mxn,1166190.0,1181990.0,1.3367287371297558
2024-07-20T17:16:25+00:00,usd_mxn,17.52,17.695,0.9889799378355507
2024-07-20T17:16:26+00:00,btc_mxn,1166190.0,1182000.0,1.3375634517766497
2024-07-20T17:16:26+00:00,usd_mxn,17.52,17.695,0.9889799378355507
2024-07-20T17:16:27+00:00,btc_mxn,1166200.0,1182000.0,1.3367174280879865
2024-07-20T17:16:27+00:00,usd_mxn,17.52,17.695,0.9889799378355507
2024-07-20T17:16:28+00:00,btc_mxn,1164900.0,1182000.0,1.4467005076142132
2024-07-20T17:16:28+00:00,usd_mxn,17.52,17.695,0.9889799378355507
2024-07-20T17:16:30+00:00,btc_mxn,1164900.0,1182000.0,1.4467005076142132
2024-07-20T17:16:30+00:00,usd_mxn,17.52,17.695,0.9889799378355507
2024-07-20T17:16:31+00:00,btc_mxn,1164900.0,1182000.0,1.4467005076142132
2024-07-20T17:16:31+00:00,usd_mxn,17.52,17.696,0.9945750452079675
2024-07-20T17:16:32+00:00,btc_mxn,1164910.0,1182000.0,1.4458544839255498
2024-07-20T17:16:32+00:00,usd_mxn,17.52,17.695,0.9889799378355507
2024-07-20T17:16:33+00:00,btc_mxn,1164900.0,1182000.0,1.4467005076142132
2024-07-20T17:16:34+00:00,usd_mxn,17.52,17.695,0.9889799378355507
2024-07-20T17:16:35+00:00,btc_mxn,1164920.0,1182000.0,1.4450084602368867
2024-07-20T17:16:35+00:00,usd_mxn,17.52,17.695,0.9889799378355507
2024-07-20T17:16:36+00:00,btc_mxn,1164930.0,1182000.0,1.4441624365482233
2024-07-20T17:16:36+00:00,usd_mxn,17.52,17.695,0.9889799378355507
2024-07-20T17:16:37+00:00,btc_mxn,1164930.0,1182000.0,1.4441624365482233
2024-07-20T17:16:37+00:00,usd_mxn,17.52,17.695,0.9889799378355507
2024-07-20T17:16:38+00:00,btc_mxn,1164930.0,1182000.0,1.4441624365482233
2024-07-20T17:16:39+00:00,usd_mxn,17.52,17.695,0.9889799378355507
2024-07-20T17:16:40+00:00,btc_mxn,1164920.0,1182000.0,1.4450084602368867
2024-07-20T17:16:40+00:00,usd_mxn,17.52,17.695,0.9889799378355507
2024-07-20T17:16:41+00:00,btc_mxn,1167000.0,1182000.0,1.2690355329949239
2024-07-20T17:16:41+00:00,usd_mxn,17.52,17.695,0.9889799378355507
2024-07-20T17:16:42+00:00,btc_mxn,1167000.0,1182000.0,1.2690355329949239
2024-07-20T17:16:42+00:00,usd_mxn,17.52,17.695,0.9889799378355507
2024-07-20T17:16:44+00:00,btc_mxn,1167030.0,1182000.0,1.266497461928934
2024-07-20T17:16:44+00:00,usd_mxn,17.52,17.695,0.9889799378355507
2024-07-20T17:16:45+00:00,btc_mxn,1167060.0,1182000.0,1.263959390862944
2024-07-20T17:16:45+00:00,usd_mxn,17.52,17.695,0.9889799378355507
2024-07-20T17:16:46+00:00,btc_mxn,1167030.0,1182000.0,1.266497461928934
2024-07-20T17:16:46+00:00,usd_mxn,17.52,17.695,0.9889799378355507
2024-07-20T17:16:47+00:00,btc_mxn,1167050.0,1182000.0,1.2648054145516074
2024-07-20T17:16:47+00:00,usd_mxn,17.52,17.695,0.9889799378355507
2024-07-20T17:16:49+00:00,btc_mxn,1167070.0,1182000.0,1.263113367174281
2024-07-20T17:16:49+00:00,usd_mxn,17.52,17.695,0.9889799378355507
2024-07-20T17:16:50+00:00,btc_mxn,1167000.0,1182000.0,1.2690355329949239
2024-07-20T17:16:50+00:00,usd_mxn,17.52,17.695,0.9889799378355507
2024-07-20T17:16:51+00:00,btc_mxn,1167030.0,1182000.0,1.266497461928934
2024-07-20T17:16:51+00:00,usd_mxn,17.52,17.695,0.9889799378355507
2024-07-20T17:16:52+00:00,btc_mxn,1167050.0,1182000.0,1.2648054145516074
2024-07-20T17:16:52+00:00,usd_mxn,17.52,17.695,0.9889799378355507
2024-07-20T17:16:54+00:00,btc_mxn,1167010.0,1182000.0,1.2681895093062605
2024-07-20T17:16:54+00:00,usd_mxn,17.52,17.695,0.9889799378355507
2024-07-20T17:16:55+00:00,btc_mxn,1167030.0,1182000.0,1.266497461928934
2024-07-20T17:16:55+00:00,usd_mxn,17.52,17.695,0.9889799378355507
2024-07-20T17:16:56+00:00,btc_mxn,1167030.0,1182000.0,1.266497461928934
2024-07-20T17:16:56+00:00,usd_mxn,17.52,17.695,0.9889799378355507
2024-07-20T17:16:57+00:00,btc_mxn,1167010.0,1182000.0,1.2681895093062605
2024-07-20T17:16:58+00:00,usd_mxn,17.52,17.695,0.9889799378355507
2024-07-20T17:16:59+00:00,btc_mxn,1167030.0,1182000.0,1.266497461928934
2024-07-20T17:16:59+00:00,usd_mxn,17.52,17.695,0.9889799378355507
2024-07-20T17:17:00+00:00,btc_mxn,1167040.0,1182000.0,1.2656514382402708
2024-07-20T17:17:00+00:00,usd_mxn,17.52,17.695,0.9889799378355507
2024-07-20T17:17:01+00:00,btc_mxn,1167000.0,1182000.0,1.2690355329949239
2024-07-20T17:17:01+00:00,usd_mxn,17.52,17.695,0.9889799378355507
2024-07-20T17:17:03+00:00,btc_mxn,1167000.0,1182000.0,1.2690355329949239
2024-07-20T17:17:03+00:00,usd_mxn,17.52,17.695,0.9889799378355507
2024-07-20T17:17:04+00:00,btc_mxn,1167000.0,1182000.0,1.2690355329949239
2024-07-20T17:17:04+00:00,usd_mxn,17.52,17.695,0.9889799378355507
2024-07-20T17:17:05+00:00,btc_mxn,1164900.0,1182000.0,1.4467005076142132
2024-07-20T17:17:05+00:00,usd_mxn,17.52,17.695,0.9889799378355507
2024-07-20T17:17:06+00:00,btc_mxn,1164910.0,1182000.0,1.4458544839255498
2024-07-20T17:17:06+00:00,usd_mxn,17.52,17.695,0.9889799378355507
2024-07-20T17:17:08+00:00,btc_mxn,1164910.0,1182000.0,1.4458544839255498
2024-07-20T17:17:08+00:00,usd_mxn,17.52,17.695,0.9889799378355507
2024-07-20T17:17:09+00:00,btc_mxn,1164910.0,1182000.0,1.4458544839255498
2024-07-20T17:17:09+00:00,usd_mxn,17.52,17.695,0.9889799378355507
2024-07-20T17:17:10+00:00,btc_mxn,1164910.0,1182000.0,1.4458544839255498
2024-07-20T17:17:10+00:00,usd_mxn,17.52,17.695,0.9889799378355507
2024-07-20T17:17:11+00:00,btc_mxn,1164910.0,1182000.0,1.4458544839255498
2024-07-20T17:17:12+00:00,usd_mxn,17.52,17.695,0.9889799378355507
2024-07-20T17:17:13+00:00,btc_mxn,1164900.0,1182000.0,1.4467005076142132
2024-07-20T17:17:13+00:00,usd_mxn,17.52,17.695,0.9889799378355507
2024-07-20T17:17:14+00:00,btc_mxn,1164900.0,1182000.0,1.4467005076142132
2024-07-20T17:17:14+00:00,usd_mxn,17.52,17.695,0.9889799378355507
2024-07-20T17:17:15+00:00,btc_mxn,1164900.0,1182000.0,1.4467005076142132
2024-07-20T17:17:15+00:00,usd_mxn,17.52,17.695,0.9889799378355507
2024-07-20T17:17:17+00:00,btc_mxn,1164900.0,1182000.0,1.4467005076142132
2024-07-20T17:17:17+00:00,usd_mxn,17.52,17.695,0.9889799378355507
2024-07-20T17:17:18+00:00,btc_mxn,1164900.0,1182000.0,1.4467005076142132
2024-07-20T17:17:18+00:00,usd_mxn,17.52,17.695,0.9889799378355507
2024-07-20T17:17:19+00:00,btc_mxn,1164910.0,1182000.0,1.4458544839255498
2024-07-20T17:17:19+00:00,usd_mxn,17.52,17.695,0.9889799378355507
2024-07-20T17:17:20+00:00,btc_mxn,1164910.0,1182000.0,1.4458544839255498
2024-07-20T17:17:20+00:00,usd_mxn,17.52,17.695,0.9889799378355507
2024-07-20T17:17:22+00:00,btc_mxn,1164910.0,1182000.0,1.4458544839255498
2024-07-20T17:17:22+00:00,usd_mxn,17.52,17.695,0.9889799378355507
2024-07-20T17:17:23+00:00,btc_mxn,1164910.0,1182000.0,1.4458544839255498
2024-07-20T17:17:23+00:00,usd_mxn,17.52,17.695,0.9889799378355507
2024-07-20T17:17:24+00:00,btc_mxn,1164910.0,1184990.0,1.694529067755846
2024-07-20T17:17:24+00:00,usd_mxn,17.52,17.695,0.9889799378355507
2024-07-20T17:17:25+00:00,btc_mxn,1164910.0,1184990.0,1.694529067755846
2024-07-20T17:17:26+00:00,usd_mxn,17.52,17.695,0.9889799378355507
2024-07-20T17:17:27+00:00,btc_mxn,1164910.0,1184990.0,1.694529067755846
2024-07-20T17:17:27+00:00,usd_mxn,17.52,17.695,0.9889799378355507
2024-07-20T17:17:28+00:00,btc_mxn,1164910.0,1184990.0,1.694529067755846
2024-07-20T17:17:28+00:00,usd_mxn,17.52,17.695,0.9889799378355507
2024-07-20T17:17:29+00:00,btc_mxn,1164910.0,1184990.0,1.694529067755846
2024-07-20T17:17:29+00:00,usd_mxn,17.52,17.695,0.9889799378355507
2024-07-20T17:17:31+00:00,btc_mxn,1164910.0,1184990.0,1.694529067755846
2024-07-20T17:17:31+00:00,usd_mxn,17.52,17.695,0.9889799378355507
2024-07-20T17:17:32+00:00,btc_mxn,1164910.0,1184990.0,1.694529067755846
2024-07-20T17:17:32+00:00,usd_mxn,17.52,17.695,0.9889799378355507
2024-07-20T17:17:33+00:00,btc_mxn,1164910.0,1184990.0,1.694529067755846
2024-07-20T17:17:33+00:00,usd_mxn,17.52,17.695,0.9889799378355507
2024-07-20T17:17:34+00:00,btc_mxn,1164910.0,1184990.0,1.694529067755846
2024-07-20T17:17:34+00:00,usd_mxn,17.52,17.695,0.9889799378355507
2024-07-20T17:17:36+00:00,btc_mxn,1164910.0,1184990.0,1.694529067755846
2024-07-20T17:17:36+00:00,usd_mxn,17.52,17.695,0.9889799378355507
2024-07-20T17:17:37+00:00,btc_mxn,1164910.0,1184990.0,1.694529067755846
2024-07-20T17:17:37+00:00,usd_mxn,17.52,17.695,0.9889799378355507
2024-07-20T17:17:38+00:00,btc_mxn,1164910.0,1184990.0,1.694529067755846
2024-07-20T17:17:38+00:00,usd_mxn,17.52,17.695,0.9889799378355507
2024-07-20T17:17:40+00:00,btc_mxn,1164920.0,1184990.0,1.69368517877788
2024-07-20T17:17:40+00:00,usd_mxn,17.52,17.695,0.9889799378355507
2024-07-20T17:17:41+00:00,btc_mxn,1164910.0,1184990.0,1.694529067755846
2024-07-20T17:17:41+00:00,usd_mxn,17.52,17.695,0.9889799378355507
2024-07-20T17:17:42+00:00,btc_mxn,1164910.0,1184990.0,1.694529067755846
2024-07-20T17:17:42+00:00,usd_mxn,17.52,17.695,0.9889799378355507
2024-07-20T17:17:43+00:00,btc_mxn,1164910.0,1184990.0,1.694529067755846
2024-07-20T17:17:43+00:00,usd_mxn,17.52,17.695,0.9889799378355507
2024-07-20T17:17:45+00:00,btc_mxn,1164910.0,1184990.0,1.694529067755846
2024-07-20T17:17:45+00:00,usd_mxn,17.52,17.695,0.9889799378355507
2024-07-20T17:17:46+00:00,btc_mxn,1164910.0,1184990.0,1.694529067755846
2024-07-20T17:17:46+00:00,usd_mxn,17.519,17.695,0.9946312517660465
2024-07-20T17:17:47+00:00,btc_mxn,1164920.0,1184990.0,1.69368517877788
2024-07-20T17:17:47+00:00,usd_mxn,17.519,17.695,0.9946312517660465
2024-07-20T17:17:49+00:00,btc_mxn,1164920.0,1184990.0,1.69368517877788
2024-07-20T17:17:49+00:00,usd_mxn,17.52,17.695,0.9889799378355507
2024-07-20T17:17:50+00:00,btc_mxn,1164920.0,1184990.0,1.69368517877788
2024-07-20T17:17:50+00:00,usd_mxn,17.52,17.695,0.9889799378355507
2024-07-20T17:17:51+00:00,btc_mxn,1164920.0,1184990.0,1.69368517877788
2024-07-20T17:17:51+00:00,usd_mxn,17.52,17.695,0.9889799378355507
2024-07-20T17:17:52+00:00,btc_mxn,1164920.0,1184990.0,1.69368517877788
2024-07-20T17:17:52+00:00,usd_mxn,17.52,17.695,0.9889799378355507
2024-07-20T17:17:54+00:00,btc_mxn,1165220.0,1184990.0,1.6683685094388983
2024-07-20T17:17:54+00:00,usd_mxn,17.52,17.695,0.9889799378355507
2024-07-20T17:17:55+00:00,btc_mxn,1165250.0,1184990.0,1.665836842505
2024-07-20T17:17:55+00:00,usd_mxn,17.52,17.695,0.9889799378355507
2024-07-20T17:17:56+00:00,btc_mxn,1165250.0,1184990.0,1.665836842505
2024-07-20T17:17:56+00:00,usd_mxn,17.52,17.695,0.9889799378355507
2024-07-20T17:17:57+00:00,btc_mxn,1165250.0,1184990.0,1.665836842505
2024-07-20T17:17:58+00:00,usd_mxn,17.52,17.695,0.9889799378355507
2024-07-20T17:17:59+00:00,btc_mxn,1165250.0,1184990.0,1.665836842505
2024-07-20T17:17:59+00:00,usd_mxn,17.52,17.695,0.9889799378355507
2024-07-20T17:18:00+00:00,btc_mxn,1165250.0,1184990.0,1.665836842505
2024-07-20T17:18:00+00:00,usd_mxn,17.52,17.695,0.9889799378355507
2024-07-20T17:18:01+00:00,btc_mxn,1165250.0,1184990.0,1.665836842505
2024-07-20T17:18:01+00:00,usd_mxn,17.52,17.695,0.9889799378355507
2024-07-20T17:18:03+00:00,btc_mxn,1170000.0,1184990.0,1.2649895779711222
2024-07-20T17:18:03+00:00,usd_mxn,17.52,17.695,0.9889799378355507
2024-07-20T17:18:04+00:00,btc_mxn,1170030.0,1184990.0,1.262457911037224
2024-07-20T17:18:04+00:00,usd_mxn,17.52,17.695,0.9889799378355507
2024-07-20T17:18:05+00:00,btc_mxn,1170080.0,1184990.0,1.2582384661473935
2024-07-20T17:18:05+00:00,usd_mxn,17.52,17.695,0.9889799378355507
2024-07-20T17:18:06+00:00,btc_mxn,1170000.0,1184990.0,1.2649895779711222
2024-07-20T17:18:06+00:00,usd_mxn,17.52,17.695,0.9889799378355507
2024-07-20T17:18:08+00:00,btc_mxn,1170000.0,1184990.0,1.2649895779711222
2024-07-20T17:18:08+00:00,usd_mxn,17.52,17.695,0.9889799378355507
2024-07-20T17:18:09+00:00,btc_mxn,1170010.0,1184990.0,1.2641456889931562
2024-07-20T17:18:09+00:00,usd_mxn,17.52,17.695,0.9889799378355507
2024-07-20T17:18:10+00:00,btc_mxn,1170010.0,1184990.0,1.2641456889931562
2024-07-20T17:18:10+00:00,usd_mxn,17.52,17.695,0.9889799378355507
2024-07-20T17:18:11+00:00,btc_mxn,1170030.0,1184990.0,1.262457911037224
2024-07-20T17:18:12+00:00,usd_mxn,17.52,17.695,0.9889799378355507
2024-07-20T17:18:13+00:00,btc_mxn,1170030.0,1184990.0,1.262457911037224
2024-07-20T17:18:13+00:00,usd_mxn,17.52,17.695,0.9889799378355507
2024-07-20T17:18:14+00:00,btc_mxn,1170040.0,1184990.0,1.261614022059258
2024-07-20T17:18:14+00:00,usd_mxn,17.52,17.695,0.9889799378355507
2024-07-20T17:18:15+00:00,btc_mxn,1170040.0,1184990.0,1.261614022059258
2024-07-20T17:18:15+00:00,usd_mxn,17.52,17.695,0.9889799378355507
2024-07-20T17:18:17+00:00,btc_mxn,1170040.0,1184990.0,1.261614022059258
2024-07-20T17:18:17+00:00,usd_mxn,17.52,17.695,0.9889799378355507
2024-07-20T17:18:18+00:00,btc_mxn,1170040.0,1184990.0,1.261614022059258
2024-07-20T17:18:18+00:00,usd_mxn,17.52,17.695,0.9889799378355507
2024-07-20T17:18:19+00:00,btc_mxn,1170040.0,1184990.0,1.261614022059258
2024-07-20T17:18:19+00:00,usd_mxn,17.52,17.695,0.9889799378355507
2024-07-20T17:18:20+00:00,btc_mxn,1170040.0,1184990.0,1.261614022059258
2024-07-20T17:18:21+00:00,usd_mxn,17.52,17.695,0.9889799378355507
2024-07-20T17:18:22+00:00,btc_mxn,1170040.0,1184990.0,1.261614022059258
2024-07-20T17:18:22+00:00,usd_mxn,17.52,17.696,0.9945750452079675
2024-07-20T17:18:23+00:00,btc_mxn,1170040.0,1184990.0,1.261614022059258
2024-07-20T17:18:23+00:00,usd_mxn,17.52,17.696,0.9945750452079675
2024-07-20T17:18:24+00:00,btc_mxn,1170040.0,1184990.0,1.261614022059258
2024-07-20T17:18:24+00:00,usd_mxn,17.521,17.695,0.983328623905055
2024-07-20T17:18:25+00:00,btc_mxn,1170040.0,1184990.0,1.261614022059258
2024-07-20T17:18:26+00:00,usd_mxn,17.521,17.695,0.983328623905055
2024-07-20T17:18:27+00:00,btc_mxn,1170040.0,1184990.0,1.261614022059258
2024-07-20T17:18:27+00:00,usd_mxn,17.521,17.695,0.983328623905055
2024-07-20T17:18:28+00:00,btc_mxn,1170040.0,1184990.0,1.261614022059258
2024-07-20T17:18:28+00:00,usd_mxn,17.521,17.695,0.983328623905055
2024-07-20T17:18:29+00:00,btc_mxn,1170040.0,1184990.0,1.261614022059258
2024-07-20T17:18:29+00:00,usd_mxn,17.521,17.695,0.983328623905055
2024-07-20T17:18:31+00:00,btc_mxn,1170040.0,1184990.0,1.261614022059258
2024-07-20T17:18:31+00:00,usd_mxn,17.521,17.695,0.983328623905055
2024-07-20T17:18:32+00:00,btc_mxn,1170040.0,1184990.0,1.261614022059258
2024-07-20T17:18:32+00:00,usd_mxn,17.521,17.695,0.983328623905055
2024-07-20T17:18:33+00:00,btc_mxn,1170040.0,1184990.0,1.261614022059258
2024-07-20T17:18:33+00:00,usd_mxn,17.521,17.695,0.983328623905055
2024-07-20T17:18:34+00:00,btc_mxn,1170040.0,1184990.0,1.261614022059258
2024-07-20T17:18:35+00:00,usd_mxn,17.521,17.695,0.983328623905055
2024-07-20T17:18:36+00:00,btc_mxn,1170040.0,1184990.0,1.261614022059258
2024-07-20T17:18:36+00:00,usd_mxn,17.521,17.695,0.983328623905055
